%% This BibTeX bibliography file was created using BibDesk.
%% http://bibdesk.sourceforge.net/

%% Created for Mattias Heldner at 2016-10-17 11:35:21 +0200 


%% Saved with string encoding Unicode (UTF-8) 



@article{Davis80-COP,
	Author = {Steven B. Davis and Paul Mermelstein},
	Journal = {IEEE Transactions on Acoustics, Speech and Signal Processing},
	Number = {4},
	Pages = {357--366},
	Title = {Comparison of Parametric Representation for Monosyllabic Word Recognition in Continuously Spoken Sentences},
	Volume = {28},
	Year = {1980}}

@article{Rabiner89-ATO,
	Author = {Lawrence R. Rabiner},
	Journal = {Proceedings of the IEEE},
	Number = {2},
	Pages = {257--286},
	Title = {A Tutorial on Hidden {Markov} Models and Selected Applications in Speech Recognition},
	Volume = {77},
	Year = {1989}}

@book{Hastie09-TEO,
	Address = {New York},
	Author = {Trevor Hastie and Robert Tibshirani and Jerome Friedman},
	Publisher = {Springer},
	Title = {The Elements of Statistical Learning -- Data Mining, Inference, and Prediction},
	Year = {2009}}

@inproceedings{YourName17-XXX,
	Author = {Firstname1 Lastname1 and Firstname2 Lastname2 and Firstname3 Lastname3},
	Crossref = {INTERSPEECH17},
	Date-Modified = {2016-10-17 09:35:16 +0000},
	Pages = {100--104},
	Title = {Title of your {INTERSPEECH} 2017 publication}}

@proceedings{INTERSPEECH17,
	Booktitle = {{INTERSPEECH} 2017 -- 18\textsuperscript{th} Annual Conference of the International Speech Communication Association, September 8--12, Stockholm, Sweden, Proceedings},
	Date-Modified = {2016-10-17 09:24:27 +0000},
	Key = {INTERSPEECH},
	Title = {{INTERSPEECH} 2017 -- 18\textsuperscript{th} Annual Conference of the International Speech Communication Association, August 20--24, Stockholm, Sweden, Proceedings},
	Year = {2017}}
